@misc{shao2024deepseekmathpushinglimitsmathematical,
  title={DeepSeekMath: Pushing the Limits of Mathematical Reasoning in Open Language Models}, 
  author={Zhihong Shao and Peiyi Wang and Qihao Zhu and Runxin Xu and Junxiao Song and Xiao Bi and Haowei Zhang and Mingchuan Zhang and Y. K. Li and Y. Wu and Daya Guo},
  year={2024},
  eprint={2402.03300},
  archivePrefix={arXiv},
  primaryClass={cs.CL},
  url={https://arxiv.org/abs/2402.03300}, 
}

@misc{cobbe2021trainingverifierssolvemath,
  title={Training Verifiers to Solve Math Word Problems}, 
  author={Karl Cobbe and Vineet Kosaraju and Mohammad Bavarian and Mark Chen and Heewoo Jun and Lukasz Kaiser and Matthias Plappert and Jerry Tworek and Jacob Hilton and Reiichiro Nakano and Christopher Hesse and John Schulman},
  year={2021},
  eprint={2110.14168},
  archivePrefix={arXiv},
  primaryClass={cs.LG},
  url={https://arxiv.org/abs/2110.14168}, 
}

@misc{he2024olympiadbenchchallengingbenchmarkpromoting,
  title={OlympiadBench: A Challenging Benchmark for Promoting AGI with Olympiad-Level Bilingual Multimodal Scientific Problems}, 
  author={Chaoqun He and Renjie Luo and Yuzhuo Bai and Shengding Hu and Zhen Leng Thai and Junhao Shen and Jinyi Hu and Xu Han and Yujie Huang and Yuxiang Zhang and Jie Liu and Lei Qi and Zhiyuan Liu and Maosong Sun},
  year={2024},
  eprint={2402.14008},
  archivePrefix={arXiv},
  primaryClass={cs.CL},
  url={https://arxiv.org/abs/2402.14008}, 
}

@misc{hendrycks2021measuringmathematicalproblemsolving,
  title={Measuring Mathematical Problem Solving With the MATH Dataset}, 
  author={Dan Hendrycks and Collin Burns and Saurav Kadavath and Akul Arora and Steven Basart and Eric Tang and Dawn Song and Jacob Steinhardt},
  year={2021},
  eprint={2103.03874},
  archivePrefix={arXiv},
  primaryClass={cs.LG},
  url={https://arxiv.org/abs/2103.03874}, 
}

@misc{lewis2021retrievalaugmentedgenerationknowledgeintensivenlp,
      title={Retrieval-Augmented Generation for Knowledge-Intensive NLP Tasks}, 
      author={Patrick Lewis and Ethan Perez and Aleksandra Piktus and Fabio Petroni and Vladimir Karpukhin and Naman Goyal and Heinrich Küttler and Mike Lewis and Wen-tau Yih and Tim Rocktäschel and Sebastian Riedel and Douwe Kiela},
      year={2021},
      eprint={2005.11401},
      archivePrefix={arXiv},
      primaryClass={cs.CL},
      url={https://arxiv.org/abs/2005.11401}, 
}

@article{meurer2017sympy,
  author    = {Aaron Meurer and Christopher P. Smith and Mateusz Paprocki and Ondřej Čertík and Sergey B. Kirpichev and Matthew Rocklin and AMiT Kumar and Sergiu Ivanov and Jason K. Moore and Sartaj Singh and Thilina Rathnayake and Sean Vig and Brian E. Granger and Richard P. Muller and Francesco Bonazzi and Harsh Gupta and Shivam Vats and Fredrik Johansson and Fabian Pedregosa and Matthew J. Curry and Andy R. Terrel and Štěpán Roučka and Ashutosh Saboo and Isuru Fernando and Sumith Kulal and Robert Cimrman and Anthony Scopatz},
  title     = {SymPy: symbolic computing in Python},
  journal   = {PeerJ Computer Science},
  volume    = {3},
  pages     = {e103},
  year      = {2017},
  month     = {January},
  doi       = {10.7717/peerj-cs.103},
  url       = {https://peerj.com/articles/cs-103/}
}

@misc{reimers2019sentencebertsentenceembeddingsusing,
  title={Sentence-BERT: Sentence Embeddings using Siamese BERT-Networks}, 
  author={Nils Reimers and Iryna Gurevych},
  year={2019},
  eprint={1908.10084},
  archivePrefix={arXiv},
  primaryClass={cs.CL},
  url={https://arxiv.org/abs/1908.10084}, 
}

@misc{wang2023selfconsistencyimproveschainthought,
  title={Self-Consistency Improves Chain of Thought Reasoning in Language Models}, 
  author={Xuezhi Wang and Jason Wei and Dale Schuurmans and Quoc Le and Ed Chi and Sharan Narang and Aakanksha Chowdhery and Denny Zhou},
  year={2023},
  eprint={2203.11171},
  archivePrefix={arXiv},
  primaryClass={cs.CL},
  url={https://arxiv.org/abs/2203.11171}, 
}

@misc{wei2023chainofthoughtpromptingelicitsreasoning,
  title={Chain-of-Thought Prompting Elicits Reasoning in Large Language Models}, 
  author={Jason Wei and Xuezhi Wang and Dale Schuurmans and Maarten Bosma and Brian Ichter and Fei Xia and Ed Chi and Quoc Le and Denny Zhou},
  year={2023},
  eprint={2201.11903},
  archivePrefix={arXiv},
  primaryClass={cs.CL},
  url={https://arxiv.org/abs/2201.11903}, 
}

@misc{xin2024deepseekproverv15harnessingproofassistant,
  title={DeepSeek-Prover-V1.5: Harnessing Proof Assistant Feedback for Reinforcement Learning and Monte-Carlo Tree Search}, 
  author={Huajian Xin and Z. Z. Ren and Junxiao Song and Zhihong Shao and Wanjia Zhao and Haocheng Wang and Bo Liu and Liyue Zhang and Xuan Lu and Qiushi Du and Wenjun Gao and Qihao Zhu and Dejian Yang and Zhibin Gou and Z. F. Wu and Fuli Luo and Chong Ruan},
  year={2024},
  eprint={2408.08152},
  archivePrefix={arXiv},
  primaryClass={cs.CL},
  url={https://arxiv.org/abs/2408.08152}, 
}

@misc{wang2023planandsolvepromptingimprovingzeroshot,
  title={Plan-and-Solve Prompting: Improving Zero-Shot Chain-of-Thought Reasoning by Large Language Models}, 
  author={Lei Wang and Wanyu Xu and Yihuai Lan and Zhiqiang Hu and Yunshi Lan and Roy Ka-Wei Lee and Ee-Peng Lim},
  year={2023},
  eprint={2305.04091},
  archivePrefix={arXiv},
  primaryClass={cs.CL},
  url={https://arxiv.org/abs/2305.04091}, 
}

@misc{chen2023programthoughtspromptingdisentangling,
  title={Program of Thoughts Prompting: Disentangling Computation from Reasoning for Numerical Reasoning Tasks}, 
  author={Wenhu Chen and Xueguang Ma and Xinyi Wang and William W. Cohen},
  year={2023},
  eprint={2211.12588},
  archivePrefix={arXiv},
  primaryClass={cs.CL},
  url={https://arxiv.org/abs/2211.12588}, 
}

@inproceedings{gulati2024putnamaxiom,
    title={Putnam-{AXIOM}: A Functional and Static Benchmark for Measuring Higher Level Mathematical Reasoning},
    author={Aryan Gulati and Brando Miranda and Eric Chen and Emily Xia and Kai Fronsdal and Bruno de Moraes Dumont and Sanmi Koyejo},
    booktitle={The 4th Workshop on Mathematical Reasoning and AI at NeurIPS'24},
    year={2024},
    url={https://openreview.net/forum?id=YXnwlZe0yf}
}

@inproceedings{tsoukalas2024putnambench,
    title={PutnamBench: A Multilingual Competition-Mathematics Benchmark for Formal Theorem-Proving},
    author={George Tsoukalas and Jasper Lee and John Jennings and Jimmy Xin and Michelle Ding and Michael Jennings and Amitayush Thakur and Swarat Chaudhuri},
    booktitle={AI for Math Workshop @ ICML 2024},
    year={2024},
    url={https://openreview.net/forum?id=vqW1VRFeVP}
}

@misc{zhao2024stepwiseselfconsistentmathematicalreasoning,
      title={Stepwise Self-Consistent Mathematical Reasoning with Large Language Models}, 
      author={Zilong Zhao and Yao Rong and Dongyang Guo and Emek Gözlüklü and Emir Gülboy and Enkelejda Kasneci},
      year={2024},
      eprint={2402.17786},
      archivePrefix={arXiv},
      primaryClass={cs.AI},
      url={https://arxiv.org/abs/2402.17786}, 
}

@misc{kojima2023largelanguagemodelszeroshot,
      title={Large Language Models are Zero-Shot Reasoners}, 
      author={Takeshi Kojima and Shixiang Shane Gu and Machel Reid and Yutaka Matsuo and Yusuke Iwasawa},
      year={2023},
      eprint={2205.11916},
      archivePrefix={arXiv},
      primaryClass={cs.CL},
      url={https://arxiv.org/abs/2205.11916}, 
}

@misc{sprague2024cotcotchainofthoughthelps,
      title={To CoT or not to CoT? Chain-of-thought helps mainly on math and symbolic reasoning}, 
      author={Zayne Sprague and Fangcong Yin and Juan Diego Rodriguez and Dongwei Jiang and Manya Wadhwa and Prasann Singhal and Xinyu Zhao and Xi Ye and Kyle Mahowald and Greg Durrett},
      year={2024},
      eprint={2409.12183},
      archivePrefix={arXiv},
      primaryClass={cs.CL},
      url={https://arxiv.org/abs/2409.12183}, 
}

@inproceedings{chen-etal-2024-self-para,
    title = "Self-Para-Consistency: Improving Reasoning Tasks at Low Cost for Large Language Models",
    author = "Chen, Wenqing  and
      Wang, Weicheng  and
      Chu, Zhixuan  and
      Ren, Kui  and
      Zheng, Zibin  and
      Lu, Zhichao",
    editor = "Ku, Lun-Wei  and
      Martins, Andre  and
      Srikumar, Vivek",
    booktitle = "Findings of the Association for Computational Linguistics: ACL 2024",
    month = aug,
    year = "2024",
    address = "Bangkok, Thailand",
    publisher = "Association for Computational Linguistics",
    url = "https://aclanthology.org/2024.findings-acl.842",
    doi = "10.18653/v1/2024.findings-acl.842",
    pages = "14162--14167",
}

@misc{cheng2024integrativedecodingimprovefactuality,
  title={Integrative Decoding: Improve Factuality via Implicit Self-consistency}, 
  author={Yi Cheng and Xiao Liang and Yeyun Gong and Wen Xiao and Song Wang and Yuji Zhang and Wenjun Hou and Kaishuai Xu and Wenge Liu and Wenjie Li and Jian Jiao and Qi Chen and Peng Cheng and Wayne Xiong},
  year={2024},
  eprint={2410.01556},
  archivePrefix={arXiv},
  primaryClass={cs.CL},
  url={https://arxiv.org/abs/2410.01556}, 
}

@inproceedings{sedova-etal-2024-know,
    title = "To Know or Not To Know? Analyzing Self-Consistency of Large Language Models under Ambiguity",
    author = "Sedova, Anastasiia  and
      Litschko, Robert  and
      Frassinelli, Diego  and
      Roth, Benjamin  and
      Plank, Barbara",
    editor = "Al-Onaizan, Yaser  and
      Bansal, Mohit  and
      Chen, Yun-Nung",
    booktitle = "Findings of the Association for Computational Linguistics: EMNLP 2024",
    month = nov,
    year = "2024",
    address = "Miami, Florida, USA",
    publisher = "Association for Computational Linguistics",
    url = "https://aclanthology.org/2024.findings-emnlp.1003",
    pages = "17203--17217",
}

@misc{wang2024softselfconsistencyimproveslanguage,
  title={Soft Self-Consistency Improves Language Model Agents}, 
  author={Han Wang and Archiki Prasad and Elias Stengel-Eskin and Mohit Bansal},
  year={2024},
  eprint={2402.13212},
  archivePrefix={arXiv},
  primaryClass={cs.CL},
  url={https://arxiv.org/abs/2402.13212}, 
}

@misc{chen2023universalselfconsistencylargelanguage,
  title={Universal Self-Consistency for Large Language Model Generation}, 
  author={Xinyun Chen and Renat Aksitov and Uri Alon and Jie Ren and Kefan Xiao and Pengcheng Yin and Sushant Prakash and Charles Sutton and Xuezhi Wang and Denny Zhou},
  year={2023},
  eprint={2311.17311},
  archivePrefix={arXiv},
  primaryClass={cs.CL},
  url={https://arxiv.org/abs/2311.17311}, 
}

@misc{bartsch2023selfconsistencylargelanguagemodels,
  title={Self-Consistency of Large Language Models under Ambiguity}, 
  author={Henning Bartsch and Ole Jorgensen and Domenic Rosati and Jason Hoelscher-Obermaier and Jacob Pfau},
  year={2023},
  eprint={2310.13439},
  archivePrefix={arXiv},
  primaryClass={cs.CL},
  url={https://arxiv.org/abs/2310.13439}, 
}

@misc{huang2024enhancinglargelanguagemodels,
  title={Enhancing Large Language Models in Coding Through Multi-Perspective Self-Consistency}, 
  author={Baizhou Huang and Shuai Lu and Weizhu Chen and Xiaojun Wan and Nan Duan},
  year={2024},
  eprint={2309.17272},
  archivePrefix={arXiv},
  primaryClass={cs.CL},
  url={https://arxiv.org/abs/2309.17272}, 
}

@misc{prabhu2024pedalenhancinggreedydecoding,
  title={PEDAL: Enhancing Greedy Decoding with Large Language Models using Diverse Exemplars}, 
  author={Sumanth Prabhu},
  year={2024},
  eprint={2408.08869},
  archivePrefix={arXiv},
  primaryClass={cs.CL},
  url={https://arxiv.org/abs/2408.08869}, 
}

@misc{gou2024toratoolintegratedreasoningagent,
  title={ToRA: A Tool-Integrated Reasoning Agent for Mathematical Problem Solving}, 
  author={Zhibin Gou and Zhihong Shao and Yeyun Gong and Yelong Shen and Yujiu Yang and Minlie Huang and Nan Duan and Weizhu Chen},
  year={2024},
  eprint={2309.17452},
  archivePrefix={arXiv},
  primaryClass={cs.CL},
  url={https://arxiv.org/abs/2309.17452}, 
}

@inproceedings{khattab2020colbert,
    author = {Khattab, Omar and Zaharia, Matei},
    title = {ColBERT: Efficient and Effective Passage Search via Contextualized Late Interaction over BERT},
    year = {2020},
    isbn = {9781450380164},
    publisher = {Association for Computing Machinery},
    address = {New York, NY, USA},
    url = {https://doi.org/10.1145/3397271.3401075},
    doi = {10.1145/3397271.3401075},
    booktitle = {Proceedings of the 43rd International ACM SIGIR Conference on Research and Development in Information Retrieval},
    pages = {39–48},
    numpages = {10},
    keywords = {bert, deep language models, efficiency, neural ir},
    location = {Virtual Event, China},
    series = {SIGIR '20}
}

@misc{yao2023reactsynergizingreasoningacting,
  title={ReAct: Synergizing Reasoning and Acting in Language Models}, 
  author={Shunyu Yao and Jeffrey Zhao and Dian Yu and Nan Du and Izhak Shafran and Karthik Narasimhan and Yuan Cao},
  year={2023},
  eprint={2210.03629},
  archivePrefix={arXiv},
  primaryClass={cs.CL},
  url={https://arxiv.org/abs/2210.03629}, 
}

@misc{schick2023toolformerlanguagemodelsteach,
  title={Toolformer: Language Models Can Teach Themselves to Use Tools}, 
  author={Timo Schick and Jane Dwivedi-Yu and Roberto Dessì and Roberta Raileanu and Maria Lomeli and Luke Zettlemoyer and Nicola Cancedda and Thomas Scialom},
  year={2023},
  eprint={2302.04761},
  archivePrefix={arXiv},
  primaryClass={cs.CL},
  url={https://arxiv.org/abs/2302.04761}, 
}

@misc{gao2023palprogramaidedlanguagemodels,
  title={PAL: Program-aided Language Models}, 
  author={Luyu Gao and Aman Madaan and Shuyan Zhou and Uri Alon and Pengfei Liu and Yiming Yang and Jamie Callan and Graham Neubig},
  year={2023},
  eprint={2211.10435},
  archivePrefix={arXiv},
  primaryClass={cs.CL},
  url={https://arxiv.org/abs/2211.10435}, 
}

@misc{madaan2023selfrefineiterativerefinementselffeedback,
  title={Self-Refine: Iterative Refinement with Self-Feedback}, 
  author={Aman Madaan and Niket Tandon and Prakhar Gupta and Skyler Hallinan and Luyu Gao and Sarah Wiegreffe and Uri Alon and Nouha Dziri and Shrimai Prabhumoye and Yiming Yang and Shashank Gupta and Bodhisattwa Prasad Majumder and Katherine Hermann and Sean Welleck and Amir Yazdanbakhsh and Peter Clark},
  year={2023},
  eprint={2303.17651},
  archivePrefix={arXiv},
  primaryClass={cs.CL},
  url={https://arxiv.org/abs/2303.17651}, 
}

@article{Liu2014,
  author    = {Xiaoqing Liu and Jun Wu and Haipeng Gong and Shengchun Deng and Zengyou He},
  title     = {Mining Conditional Phosphorylation Motifs},
  journal   = {IEEE/ACM Transactions on Computational Biology and Bioinformatics},
  volume    = {11},
  number    = {5},
  pages     = {915--927},
  year      = {2014},
  month     = {Sep-Oct},
  doi       = {10.1109/TCBB.2014.2321400},
  pmid      = {26356863},
  url       = {https://doi.org/10.1109/TCBB.2014.2321400}
}

@misc{wentingzhao2023mathtextbooks,
  author       = {Wenting Zhao},
  title        = {Math Textbooks Dataset},
  year         = {2023},
  publisher    = {Hugging Face},
  howpublished = {\url{https://huggingface.co/datasets/wentingzhao/math-textbooks}},
  note         = {Dataset accessed on Mon 25 Mar 2024},
}

@misc{brown2020language,
      title={Language Models are Few-Shot Learners}, 
      author={Tom B. Brown and Benjamin Mann and Nick Ryder and Melanie Subbiah and Jared Kaplan and Prafulla Dhariwal and Arvind Neelakantan and Pranav Shyam and Girish Sastry and Amanda Askell and Sandhini Agarwal and Ariel Herbert-Voss and Gretchen Krueger and Tom Henighan and Rewon Child and Aditya Ramesh and Daniel M. Ziegler and Jeffrey Wu and Clemens Winter and Christopher Hesse and Mark Chen and Eric Sigler and Mateusz Litwin and Scott Gray and Benjamin Chess and Jack Clark and Christopher Berner and Sam McCandlish and Alec Radford and Ilya Sutskever and Dario Amodei},
      year={2020},
      eprint={2005.14165},
      archivePrefix={arXiv},
      primaryClass={cs.CL},
      url={https://arxiv.org/abs/2005.14165}, 
}

@misc{johnson2019billion,
      title={Billion-scale similarity search with GPUs}, 
      author={Jeff Johnson and Matthijs Douze and Hervé Jégou},
      year={2017},
      eprint={1702.08734},
      archivePrefix={arXiv},
      primaryClass={cs.CV},
      url={https://arxiv.org/abs/1702.08734}, 
}

@misc{aimo2024,
  title={AI Mathematical Olympiad - Progress Prize 1},
  author={XTX Investments},
  howpublished={\url{https://kaggle.com/competitions/ai-mathematical-olympiad-prize}},
  year={2024},
  note={Kaggle Competition}
}
